<record><leader>00000cas a22000007a 4500</leader><controlfield tag="001">18386969</controlfield><controlfield tag="008">880822d19751975ohuwr ne      0    0eng d</controlfield><datafield ind1=" " ind2=" " tag="010"><subfield code="a">sn 88077763 </subfield></datafield><datafield ind1=" " ind2=" " tag="040"><subfield code="a">ONP</subfield><subfield code="b">eng</subfield><subfield code="c">ONP</subfield><subfield code="d">OCLCQ</subfield></datafield><datafield ind1=" " ind2=" " tag="042"><subfield code="a">msc</subfield></datafield><datafield ind1="0" ind2="0" tag="245"><subfield code="a">East Columbus messenger.</subfield></datafield><datafield ind1=" " ind2=" " tag="260"><subfield code="a">[Columbus, Ohio] :</subfield><subfield code="b">Web-N-Type Print. Co.,</subfield><subfield code="c">1975.</subfield></datafield><datafield ind1=" " ind2=" " tag="310"><subfield code="a">Weekly</subfield></datafield><datafield ind1="0" ind2=" " tag="362"><subfield code="a">Vol. 1, no. 1 (Jan. 27, 1975)-v. 1, no. 15 (May 5, 1975).</subfield></datafield><datafield ind1=" " ind2=" " tag="752"><subfield code="a">United States</subfield><subfield code="b">Ohio</subfield><subfield code="c">Franklin</subfield><subfield code="d">Columbus.</subfield></datafield><datafield ind1="0" ind2="0" tag="785"><subfield code="t">Columbus messenger (East ed.)</subfield><subfield code="w">(DLC)sn 88077764</subfield></datafield></record>